@article{kaur-2023,
	author = {given-i=R, given=Rajdeep, family=Kaur and given-i=R, given=Rakesh, family=Kumar and given-i=M, given=Meenu, family=Gupta},
	date = {2023-03-28},
	doi = {10.1007/s11154-023-09795-4},
	journaltitle = {Reviews in Endocrine and Metabolic Disorders},
	number = {4},
	pages = {633--653},
	title = {Deep neural network for food image classification and nutrient identification: A systematic review},
	url = {https://doi.org/10.1007/s11154-023-09795-4},
	volume = {24},
}
@article{gangan-2022,
	author = {given-i=MP, given={Manjary P.}, family=Gangan and given-i=K, given=K, family=Anoop and given-i=LV, given={Lajish V.}, family=L},
	date = {2022-08-01},
	doi = {10.1016/j.jisa.2022.103261},
	journaltitle = {Journal of Information Security and Applications},
	pages = {103261},
	title = {Distinguishing natural and computer generated images using Multi-Colorspace fused EfficientNet},
	url = {https://doi.org/10.1016/j.jisa.2022.103261},
	volume = {68},
}
@article{kumar-2018,
	author = {given-i=H, given=Himanshu, family=Kumar and given-i=PS, given={P. S.}, family=Sastry},
	date = {2018-10-01},
	doi = {10.1109/smc.2018.00125},
	journaltitle = {2018 IEEE International Conference on Systems, Man, and Cybernetics (SMC)},
	title = {Robust Loss Functions for Learning Multi-class Classifiers},
	url = {https://doi.org/10.1109/smc.2018.00125},
}
@article{sural-2003,
	author = {given-i=S, given=Shamik, family=Sural and given-i=G, given=Gang, family=Qian and given-i=S, given=Sakti, family=Pramanik},
	date = {2003-06-25},
	doi = {10.1109/icip.2002.1040019},
	journaltitle = {Proceedings. International Conference on Image Processing},
	title = {Segmentation and histogram generation using the HSV color space for image retrieval},
	url = {https://doi.org/10.1109/icip.2002.1040019},
}
@book{fu-2017,
	author = {given-i=Z, given=Zhihui, family=Fu and given-i=D, given=Dan, family=Chen and given-i=H, given=Hongyu, family=Li},
	booktitle = {Lecture Notes in Computer Science},
	date = {2017-01-01},
	doi = {10.1007/978-3-319-63309-1_25},
	pages = {273--281},
	title = {ChinFood1000: a large benchmark dataset for Chinese food recognition},
	url = {https://doi.org/10.1007/978-3-319-63309-1_25},
}
@article{liu-2016,
	author = {given-i=C, given=Chang, family=Liu and given-i=Y, given=Yu, family=Cao and given-i=Y, given=Yan, family=Luo and given-i=G, given=Guanling, family=Chen and given-i=VM, given={Vinod M.}, family=Vokkarane and given-i=Y, given=Yunsheng, family=Ma},
	date = {2016-06-17},
	doi = {10.48550/arxiv.1606.05675},
	journaltitle = {arXiv (Cornell University)},
	title = {DeepFood: Deep Learning-Based Food Image Recognition for Computer-Aided Dietary Assessment},
	url = {http://arxiv.org/abs/1606.05675},
}
@article{lin-2017,
	author = {given-i=T, given=Tsung-Yi, family=Lin and given-i=P, given=Priya, family=Goyal and given-i=R, given=Ross, family=Girshick and given-i=K, given=Kai, family=He and given-i=P, given=Piotr, family=Dollár},
	date = {2017-10-01},
	doi = {10.1109/iccv.2017.324},
	journaltitle = {2017 IEEE International Conference on Computer Vision (ICCV)},
	title = {Focal Loss for Dense Object Detection},
	url = {https://doi.org/10.1109/iccv.2017.324},
}
@online{Mcleod2023,
    author = "Saul Mcleod",
    title = "Maslow's Hierarchy of Needs",
    URL = {https://www.simplypsychology.org/maslow.html?ez_vid=2cae626a2fe896279da43d587baa3eb663083817},
    year = "2023",
    website = "Simply Psychology",
    addendum = "(accessed: 09.21.2023)"
}
@book{bossard-2014,
	author = {given-i=L, given=Lukas, family=Bossard and given-i=M, given=Matthieu, family=Guillaumin and given-i=LJ, given={Luc J.}, family={Van Gool}},
	booktitle = {Springer eBooks},
	date = {2014-01-01},
	doi = {10.1007/978-3-319-10599-4_29},
	pages = {446--461},
	title = {Food-101 – Mining Discriminative Components with Random Forests},
	url = {https://doi.org/10.1007/978-3-319-10599-4_29},
}
@article{brintha-2022,
	author = {given-i=N, given=N.C., family=Brintha and given-i=P, given=P., family=Nagaraj and given-i=A, given=Arige, family=Tejasri and given-i=BV, given={Bhavanam Vijaya}, family=Durga and given-i=MT, given={Mederametla Tarun}, family=Teja and given-i=MNVP, given={Maguluri Navi Venkata Pavan}, family=Kumar},
	date = {2022-06-22},
	doi = {10.1109/icces54183.2022.9835808},
	journaltitle = {2022 7th International Conference on Communication and Electronics Systems (ICCES)},
	title = {A Food Recommendation System for Predictive Diabetic Patients using ANN and CNN},
	url = {https://doi.org/10.1109/icces54183.2022.9835808},
}
@article{chun-2022,
	author = {given-i=M, given=Minki, family=Chun and given-i=H, given=Hyeonhak, family=Jeong and given-i=H, given=Hyun-Min, family=Lee and given-i=T, given=Taewon, family=Yoo and given-i=H, given=Hyunggu, family=Jung},
	date = {2022-01-01},
	doi = {10.1109/access.2022.3227796},
	journaltitle = {IEEE Access},
	pages = {128732--128741},
	publisher = {Institute of Electrical and Electronics Engineers},
	title = {Development of Korean food image classification model using public food image dataset and deep learning methods},
	url = {https://doi.org/10.1109/access.2022.3227796},
	volume = {10},
}
@article{zhou-2019,
	author = {given-i=L, given=Lei, family=Zhou and given-i=C, given=Chu, family=Zhang and given-i=F, given=Fei, family=Liu and given-i=Z, given=Zhengjun, family=Qiu and given-i=Y, given=Yong, family=He},
	date = {2019-09-16},
	doi = {10.1111/1541-4337.12492},
	journaltitle = {Comprehensive Reviews in Food Science and Food Safety},
	number = {6},
	pages = {1793--1811},
	publisher = {Wiley-Blackwell},
	title = {Application of Deep Learning in Food: a review},
	url = {https://doi.org/10.1111/1541-4337.12492},
	volume = {18},
}
@article{sarker-2021,
	author = {given-i=IH, given={Iqbal H.}, family=Sarker},
	date = {2021-08-18},
	doi = {10.1007/s42979-021-00815-1},
	journaltitle = {SN computer science},
	number = {6},
	publisher = {Springer Science+Business Media},
	title = {Deep Learning: a comprehensive overview on techniques, taxonomy, applications and research directions},
	url = {https://doi.org/10.1007/s42979-021-00815-1},
	volume = {2},
}
@inproceedings{dong2019diet,
  title={A Diet Control and Fitness Assistant Application Using Deep Learning-Based Image Classification},
  author={Dong, Tianren and Sun, Yu and Zhang, Fangyan and others},
  booktitle={CS \& IT Conference Proceedings},
  volume={9},
  number={12},
  year={2019},
  organization={CS \& IT Conference Proceedings}
}
@article{heravi-2017,
	author = {given-i=EJ, given={Elnaz Jahani}, family=Heravi and given-i=HH, given={Hamed Habibi}, family=Aghdam and given-i=D, given=Domenec, family=Puig},
	date = {2017-03-17},
	doi = {10.1117/12.2268737},
	journaltitle = {Proceedings of SPIE},
	publisher = {SPIE},
	title = {Classification of foods by transferring knowledge from ImageNet dataset},
	url = {https://doi.org/10.1117/12.2268737},
}
@article{liu-2018,
	author = {given-i=Z, given=Ziyi, family=Liu and given-i=Y, given=Yong, family=He and given-i=H, given=Haiyan, family=Cen and given-i=R, given=Renfu, family=Lu},
	date = {2018-01-01},
	doi = {10.13031/trans.12214},
	journaltitle = {Transactions of the ASABE},
	number = {2},
	pages = {425--436},
	publisher = {American Society of Agricultural and Biological Engineers},
	title = {Deep Feature Representation with Stacked Sparse Auto-Encoder and Convolutional Neural Network for Hyperspectral Imaging-Based Detection of Cucumber Defects},
	url = {https://doi.org/10.13031/trans.12214},
	volume = {61},
}
@article{pandey-2017,
	author = {given-i=P, given=Paritosh, family=Pandey and given-i=A, given=Akella, family=Deepthi and given-i=B, given=Bappaditya, family=Mandal and given-i=NB, given={Niladri B.}, family=Puhan},
	date = {2017-12-01},
	doi = {10.1109/lsp.2017.2758862},
	journaltitle = {IEEE Signal Processing Letters},
	number = {12},
	pages = {1758--1762},
	publisher = {Institute of Electrical and Electronics Engineers},
	title = {FoodNet: Recognizing foods using ensemble of deep networks},
	url = {https://doi.org/10.1109/lsp.2017.2758862},
	volume = {24},
}
@article{vijayakumari-2022,
	author = {given-i=G, given=G, family=VijayaKumari and given-i=P, given=Priyanka, family=Vutkur and given-i=P, given=P, family=Vishwanath},
	date = {2022-06-01},
	doi = {10.1016/j.gltp.2022.03.027},
	journaltitle = {Global transitions proceedings},
	number = {1},
	pages = {225--229},
	title = {Food classification using transfer learning technique},
	url = {https://doi.org/10.1016/j.gltp.2022.03.027},
	volume = {3},
}
@article{zulfikri-2022,
	author = {Zulfikri, Anis Nasuha Mohd and Rahman, Farah and Shabuddin, Shahrani and Mohamad, Rosfarizan},
	journal = {2022 IEEE Symposium on Industrial Electronics \& Applications (ISIEA)},
	month = {7},
	title = {{Food Recognition based on Deep Learning Algorithms}},
	year = {2022},
	doi = {10.1109/isiea54517.2022.9873669},
	url = {https://doi.org/10.1109/isiea54517.2022.9873669},
}
@article{civicioglu-2011,
	author = {given-i=P, given=Pınar, family=Çivicioğlu and given-i=E, given=Erkan, family=Beşdok},
	date = {2011-07-06},
	doi = {10.1007/s10462-011-9276-0},
	journaltitle = {Artificial Intelligence Review},
	number = {4},
	pages = {315--346},
	publisher = {Springer Science+Business Media},
	title = {A conceptual comparison of the Cuckoo-search, particle swarm optimization, differential evolution and artificial bee colony algorithms},
	url = {https://doi.org/10.1007/s10462-011-9276-0},
	volume = {39},
}
@article{ghosh-2022,
	author = {given-i=A, given=Arjun, family=Ghosh and given-i=ND, given={Nanda Dulal}, family=Jana},
	date = {2022-11-24},
	doi = {10.1109/indicon56171.2022.10040217},
	journaltitle = {2022 IEEE 19th India Council International Conference (INDICON)},
	title = {Artificial Bee Colony Optimization based Optimal Convolutional Neural Network Architecture Design},
	url = {https://doi.org/10.1109/indicon56171.2022.10040217},
}
@article{martinel-2018,
	author = {given-i=N, given=Niki, family=Martinel and given-i=GL, given={Gian Luca}, family=Foresti and given-i=C, given=Christian, family=Micheloni},
	date = {2018-03-01},
	doi = {10.1109/wacv.2018.00068},
	journaltitle = {2018 IEEE Winter Conference on Applications of Computer Vision (WACV)},
	title = {Wide-Slice Residual Networks for Food Recognition},
	url = {https://doi.org/10.1109/wacv.2018.00068},
}
@article{opena-2017,
	author = {given-i=HJG, given={Harvey Jake G.}, family=Opeña and given-i=JPT, given={John Paul T.}, family=Yusiong},
	date = {2017-03-01},
	doi = {10.22452/mjcs.vol30no1.2},
	journaltitle = {Malaysian Journal of Computer Science},
	number = {1},
	pages = {12--26},
	publisher = {University of Malaya},
	title = {Automated tomato maturity grading using ABC-Trained Artificial Neural Networks},
	url = {https://doi.org/10.22452/mjcs.vol30no1.2},
	volume = {30},
}
@article{seivert2021rise,
  title={The rise of telemedicine: lessons from a global pandemic},
  author={Seivert, Samantha and Badowski, Melissa E},
  journal={Innovations},
  year={2021}
}
@article{larbi-2018,
	author = {given-i=K, given=Kaouthar, family=Larbi and given-i=W, given=Wael, family=Ouarda and given-i=H, given=Hassen, family=Drira and given-i=BB, given={Boulbaba Ben}, family=Amor and given-i=CB, given={Chokri Ben}, family=Amar},
	date = {2018-10-01},
	doi = {10.1109/smc.2018.00680},
	journaltitle = {2018 IEEE International Conference on Systems, Man, and Cybernetics},
	title = {DeepColorFASD: Face Anti Spoofing Solution Using a Multi Channeled Color Spaces CNN},
	url = {https://doi.org/10.1109/smc.2018.00680},
}
@article{de-kervenoael-2023,
	author = {given-i=RJ, given={Ronan Jouan}, family={De Kervenoael} and given-i=A, given=Alexandre, family=Schwob and given-i=R, given=Rajibul, family=Hasan and given-i=S, given=Sara, family=Kemari},
	date = {2023-05-10},
	doi = {10.1080/0144929x.2023.2212088},
	journaltitle = {Behaviour \& Information Technology},
	pages = {1--20},
	publisher = {Taylor \& Francis},
	title = {Food choice and the epistemic value of the consumption of recommender systems: the case of Yuka’s perceived value in France},
	url = {https://doi.org/10.1080/0144929x.2023.2212088},
}
@book{gowda-2019,
	author = {given-i=SN, given={Shreyank N}, family=Gowda and given-i=C, given=Chun, family=Yuan},
	booktitle = {Lecture Notes in Computer Science},
	date = {2019-01-01},
	doi = {10.1007/978-3-030-20870-7_36},
	pages = {581--596},
	title = {ColorNet: Investigating the importance of color spaces for image classification},
	url = {https://doi.org/10.1007/978-3-030-20870-7_36},
}
@article{he-2019,
	author = {given-i=P, given=Peisong, family=He and given-i=H, given=Haoliang, family=Li and given-i=H, given=Hongxia, family=Wang},
	date = {2019-09-01},
	doi = {10.1109/icip.2019.8803740},
	journaltitle = {2019 IEEE International Conference on Image Processing (ICIP)},
	title = {Detection of Fake Images Via The Ensemble of Deep Representations from Multi Color Spaces},
	url = {https://doi.org/10.1109/icip.2019.8803740},
}
@book{kang-2011,
	author = {given-i=SP, given={Seong Pal}, family=Kang},
	booktitle = {Encyclopedia of earth sciences},
	date = {2011-01-01},
	doi = {10.1007/978-90-481-3585-1_236},
	pages = {138--141},
	title = {Color in food evaluation},
	url = {https://doi.org/10.1007/978-90-481-3585-1_236},
}
@article{markovic2013color,
  title={Color measurement of food products using CIE L* a* b* and RGB color space},
  author={Markovic, Ivana and Ilic, Jelena and Markovic, Dragan and Simonovic, Vojislav and Kosanic, Nenad and others},
  journal={Journal of hygienic Engineering and Design},
  volume={4},
  number={1},
  pages={50--53},
  year={2013},
  publisher={Consulting and Training Centre, KEY}
}
@article{al-sarayreh-2018,
	author = {given-i=M, given=Mahmoud, family=Al-Sarayreh and given-i=MM, given={Marlon M.}, family=Reis and given-i=WQ, given={Wei Qi}, family=Yan and given-i=R, given=Reinhard, family=Klette},
	date = {2018-05-03},
	doi = {10.3390/jimaging4050063},
	journaltitle = {Journal of Imaging},
	number = {5},
	pages = {63},
	publisher = {Multidisciplinary Digital Publishing Institute},
	title = {Detection of Red-Meat adulteration by deep Spectral–Spatial features in hyperspectral images},
	url = {https://doi.org/10.3390/jimaging4050063},
	volume = {4},
}

@article{islam-2018,
	author = {given-i=T, given=Tohidul, family=Islam and given-i=B, given=Bushra, family=Siddique and given-i=S, given=Sagidur, family=Rahman and given-i=T, given=Taskeed, family=Jabid},
	date = {2018-10-01},
	doi = {10.1109/iciibms.2018.8550021},
	journaltitle = {2018 International Conference on Intelligent Informatics and Biomedical Sciences (ICIIBMS)},
	title = {Image Recognition with Deep Learning},
	url = {https://doi.org/10.1109/iciibms.2018.8550021},
}
@book{ciocca-2019,
	author = {given-i=G, given=Gianluigi, family=Ciocca and given-i=D, given=Davide, family=Mazzini and given-i=R, given=Raimondo, family=Schettini},
	booktitle = {Lecture Notes in Computer Science},
	date = {2019-01-01},
	doi = {10.1007/978-3-030-13940-7_19},
	pages = {247--259},
	title = {Evaluating CNN-Based semantic food segmentation across illuminants},
	url = {https://doi.org/10.1007/978-3-030-13940-7_19},
}
@book{kawano-2015,
	author = {given-i=Y, given=Yoshiyuki, family=Kawano and given-i=K, given=Keiji, family=Yanai},
	booktitle = {Lecture Notes in Computer Science},
	date = {2015-01-01},
	doi = {10.1007/978-3-319-16199-0_1},
	pages = {3--17},
	title = {Automatic Expansion of a Food Image Dataset Leveraging Existing Categories with Domain Adaptation},
	url = {https://doi.org/10.1007/978-3-319-16199-0_1},
}
@article{kawano-2014,
	author = {given-i=Y, given=Yoshiyuki, family=Kawano and given-i=K, given=Keiji, family=Yanai},
	date = {2014-11-03},
	doi = {10.1145/2647868.2654869},
	journaltitle = {MM '14: Proceedings of the 22nd ACM international conference on Multimedia},
	title = {FoodCam-256},
	url = {https://doi.org/10.1145/2647868.2654869},
}
@article{matsuda-2012,
	author = {given-i=Y, given=Yuji, family=Matsuda and given-i=H, given=Hajime, family=Hoashi and given-i=K, given=Keiji, family=Yanai},
	date = {2012-07-01},
	doi = {10.1109/icme.2012.157},
	journaltitle = {2012 IEEE International Conference on Multimedia and Expo},
	title = {Recognition of Multiple-Food Images by Detecting Candidate Regions},
	url = {https://doi.org/10.1109/icme.2012.157},
}
@book{grusser-1989,
	author = {given-i=O, given=O.‐j., family=Grüsser and given-i=U, given=U., family=Grüsser‐Cornehls},
	booktitle = {Human Physiology},
	date = {1989-01-01},
	doi = {10.1007/978-3-642-73831-9_11},
	title = {The Sense of Sight},
	url = {https://doi.org/10.1007/978-3-642-73831-9_11},
}
@article{hirota-2020,
	author = {given-i=M, given=Masakazu, family=Hirota and given-i=A, given=Atsushi, family=Mizota and given-i=T, given=Tatsuya, family=Mimura and given-i=T, given=Takao, family=Hayashi and given-i=J, given=J., family=Kotoku and given-i=T, given=Tomohiro, family=Sawa and given-i=K, given=Kenji, family=Inoue},
	date = {2020-06-27},
	doi = {10.1007/s10792-020-01485-3},
	journaltitle = {International Ophthalmology},
	number = {11},
	pages = {3013--3022},
	publisher = {Springer Science+Business Media},
	title = {Effect of color information on the diagnostic performance of glaucoma in deep learning using few fundus images},
	url = {https://doi.org/10.1007/s10792-020-01485-3},
	volume = {40},
}
@misc{simon2016imagenet,
      title={ImageNet pre-trained models with batch normalization}, 
      author={Marcel Simon and Erik Rodner and Joachim Denzler},
      year={2016},
      eprint={1612.01452},
      archivePrefix={arXiv},
      primaryClass={cs.CV}
}
@article{yalcn-2021,
	author = {given-i=OG, given={Orhan G.}, family=Yalcin},
	date = {2021-12-16},
	title = {4 Pre-Trained CNN Models to Use for Computer Vision with Transfer Learning | by Orhan Gazi Yalçın | Towards Data Science},
	url = {https://towardsdatascience.com/4-pre-trained-cnn-models-to-use-for-computer-vision-with-transfer-learning-885cb1b2dfc},
}
@article{bansal-2021,
	author = {given-i=M, given=Monika, family=Bansal and given-i=M, given=Munish, family=Kumar and given-i=M, given=Monika, family=Sachdeva and given-i=A, given=Ajay, family=Mittal},
	date = {2021-09-17},
	doi = {10.1007/s12652-021-03488-z},
	journaltitle = {Journal of Ambient Intelligence and Humanized Computing},
	number = {4},
	pages = {3609--3620},
	publisher = {Springer Science+Business Media},
	title = {Transfer learning for image classification using VGG19: Caltech-101 image data set},
	url = {https://doi.org/10.1007/s12652-021-03488-z},
	volume = {14},
}
@misc{simonyan2015deep,
      title={Very Deep Convolutional Networks for Large-Scale Image Recognition}, 
      author={Karen Simonyan and Andrew Zisserman},
      year={2015},
      eprint={1409.1556},
      archivePrefix={arXiv},
      primaryClass={cs.CV}
}
@InProceedings{Szegedy_2015_CVPR,
    author = {Szegedy, Christian and Liu, Wei and Jia, Yangqing and Sermanet, Pierre and Reed, Scott and Anguelov, Dragomir and Erhan, Dumitru and Vanhoucke, Vincent and Rabinovich, Andrew},
    title = {Going Deeper With Convolutions},
    booktitle = {Proceedings of the IEEE Conference on Computer Vision and Pattern Recognition (CVPR)},
    year = {2015}
}
@InProceedings{He_2016_CVPR,
    author = {He, Kaiming and Zhang, Xiangyu and Ren, Shaoqing and Sun, Jian},
    title = {Deep Residual Learning for Image Recognition},
    booktitle = {Proceedings of the IEEE Conference on Computer Vision and Pattern Recognition (CVPR)},
    year = {2016}
}
@InProceedings{pmlr-v97-tan19a,
  title = 	 {{E}fficient{N}et: Rethinking Model Scaling for Convolutional Neural Networks},
  author =       {Tan, Mingxing and Le, Quoc},
  booktitle = 	 {Proceedings of the 36th International Conference on Machine Learning},
  pages = 	 {6105--6114},
  year = 	 {2019},
  editor = 	 {Chaudhuri, Kamalika and Salakhutdinov, Ruslan},
  volume = 	 {97},
  series = 	 {Proceedings of Machine Learning Research},
  publisher =    {PMLR},
  pdf = 	 {http://proceedings.mlr.press/v97/tan19a/tan19a.pdf},
  url = 	 {https://proceedings.mlr.press/v97/tan19a.html},
}
@misc{howard2017mobilenets,
      title={MobileNets: Efficient Convolutional Neural Networks for Mobile Vision Applications}, 
      author={Andrew G. Howard and Menglong Zhu and Bo Chen and Dmitry Kalenichenko and Weijun Wang and Tobias Weyand and Marco Andreetto and Hartwig Adam},
      year={2017},
      eprint={1704.04861},
      archivePrefix={arXiv},
      primaryClass={cs.CV}
}
@article{lecun-2015,
	author = {given-i=Y, given=Yann, family=LeCun and given-i=Y, given=Yoshua, family=Bengio and given-i=GE, given={Geoffrey E.}, family=Hinton},
	date = {2015-05-27},
	doi = {10.1038/nature14539},
	journaltitle = {Nature},
	number = {7553},
	pages = {436--444},
	publisher = {Nature Portfolio},
	title = {Deep learning},
	url = {https://doi.org/10.1038/nature14539},
	volume = {521},
}
@article{shrestha-2019,
	author = {given-i=A, given=Ajay, family=Shrestha and given-i=A, given=Ausif, family=Mahmood},
	date = {2019-01-01},
	doi = {10.1109/access.2019.2912200},
	journaltitle = {IEEE Access},
	pages = {53040--53065},
	publisher = {Institute of Electrical and Electronics Engineers},
	title = {Review of Deep learning Algorithms and Architectures},
	url = {https://doi.org/10.1109/access.2019.2912200},
	volume = {7},
}
@article{prasad-2021,
	author = {given-i=K, given=Krishna, family=Prasad},
	date = {2021-12-14},
	title = {Siamese networks - towards data science},
	url = {https://towardsdatascience.com/siamese-networks-line-by-line-explanation-for-beginners-55b8be1d2fc6},
}
@article{you-2021,
	author = {given-i=W, given=Weike, family=You and given-i=H, given=Hong, family=Zhang and given-i=X, given=Xianfeng, family=Zhao},
	date = {2021-01-01},
	doi = {10.1109/tifs.2020.3013204},
	journaltitle = {IEEE Transactions on Information Forensics and Security},
	pages = {291--306},
	publisher = {Institute of Electrical and Electronics Engineers},
	title = {A Siamese CNN for image steganalysis},
	url = {https://doi.org/10.1109/tifs.2020.3013204},
	volume = {16},
}
@article{sarker-2019,
	author = {given-i=MMK, given={Md. Mostafa Kamal}, family=Sarker and given-i=SF, given={Syeda Furruka}, family=Banu and given-i=HA, given={Hatem A.}, family=Rashwan and given-i=M, given=Mohamed, family=Abdel-Nasser and given-i=VK, given={Vivek Kumar}, family=Singh and given-i=S, given=Sylvie, family=Chambon and given-i=P, given=Petia, family=Radeva and given-i=D, given=Domènec, family=Puig},
	date = {2019-01-01},
	doi = {10.3233/faia190117},
	journaltitle = {22nd International conference of the Catalan Association for Artificial Intelligence (CCIA 2019)},
	pages = {145--151},
	title = {Food Places Classification in Egocentric Images Using Siamese Neural Networks.},
	url = {https://dblp.uni-trier.de/db/conf/ccia/ccia2019.html\#SarkerBRA0CRP19},
}